@misc{wasi,
    title={{W}eb{A}ssembly},
    author={W3C Group},
    howpublished={Disponível em: \url{https://webassembly.org/}}
}

@misc{glm,
    title={{O}pen{GL} {M}athematics},
    author={g{-}truc},
    howpublished={Disponível em: \url{http://glm.g-truc.net/}}
}